@ARTICLE{1998PASP..110..863P,
   author = {{Pickles}, A.~J.},
    title = "{A Stellar Spectral Flux Library: 1150-25000 {\AA}}",
  journal = {Publ. Astron. Soc. Pac.},
 keywords = {ATLASES, STARS: GENERAL, GALAXIES: STELLAR CONTENT},
     year = 1998,
    month = jul,
   volume = 110,
    pages = {863-878},
      doi = {10.1086/316197},
   adsurl = {http://adsabs.harvard.edu/abs/1998PASP..110..863P},
  adsnote = {Provided by the SAO/NASA Astrophysics Data System}
}
